%% ########## introduction ######################
% Video HAR
% 3DCNN
@inproceedings{taylor2010convolutional,
  title={Convolutional learning of spatio-temporal features},
  author={Taylor, Graham W and Fergus, Rob and LeCun, Yann and Bregler, Christoph},
  booktitle={European conference on computer vision},
  pages={140--153},
  year={2010},
  organization={Springer}
}

% I3D
@inproceedings{carreira2017quo,
  title={Quo vadis, action recognition? a new model and the kinetics dataset},
  author={Carreira, Joao and Zisserman, Andrew},
  booktitle={proceedings of the IEEE Conference on Computer Vision and Pattern Recognition},
  pages={6299--6308},
  year={2017}
}

@inproceedings{zhou2020unified,
  title={{Unified vision-language pre-training for image captioning and VQA}},
  author={Zhou, Luowei and Palangi, Hamid and Zhang, Lei and Hu, Houdong and Corso, Jason and Gao, Jianfeng},
  booktitle={Proceedings of the AAAI conference on artificial intelligence},
  volume={34},
  number={07},
  pages={13041--13049},
  year={2020}
}


% C3D
@inproceedings{tran2015learning,
  title={Learning spatiotemporal features with 3d convolutional networks},
  author={Tran, Du and Bourdev, Lubomir and Fergus, Rob and Torresani, Lorenzo and Paluri, Manohar},
  booktitle={Proceedings of the IEEE international conference on computer vision},
  pages={4489--4497},
  year={2015}
}

% P3D
@inproceedings{qiu2017learning,
  title={Learning spatio-temporal representation with pseudo-3d residual networks},
  author={Qiu, Zhaofan and Yao, Ting and Mei, Tao},
  booktitle={proceedings of the IEEE International Conference on Computer Vision},
  pages={5533--5541},
  year={2017}
}
% SlowFast
@inproceedings{feichtenhofer2019slowfast,
  title={Slowfast networks for video recognition},
  author={Feichtenhofer, Christoph and Fan, Haoqi and Malik, Jitendra and He, Kaiming},
  booktitle={Proceedings of the IEEE/CVF international conference on computer vision},
  pages={6202--6211},
  year={2019}
}



% Wearable Data
@article{kumari2017increasing,
  title={Increasing trend of wearables and multimodal interface for human activity monitoring: A review},
  author={Kumari, Preeti and Mathew, Lini and Syal, Poonam},
  journal={Biosensors and Bioelectronics},
  volume={90},
  pages={298--307},
  year={2017},
  publisher={Elsevier}
}
% Smart-watch
@inproceedings{diete2019vision,
  title={Vision and acceleration modalities: Partners for recognizing complex activities},
  author={Diete, Alexander and Sztyler, Timo and Stuckenschmidt, Heiner},
  booktitle={2019 IEEE International Conference on Pervasive Computing and Communications Workshops (PerCom Workshops)},
  pages={101--106},
  year={2019},
  organization={IEEE}
}
% Fitness Tracker
@inproceedings{chen2014home,
  title={Home-based senior fitness test measurement system using collaborative inertial and depth sensors},
  author={Chen, Chen and Liu, Kui and Jafari, Roozbeh and Kehtarnavaz, Nasser},
  booktitle={2014 36th Annual International Conference of the IEEE Engineering in Medicine and Biology Society},
  pages={4135--4138},
  year={2014},
  organization={IEEE}
}

% Smartphone
@inproceedings{khandnor2017survey,
  title={A survey of activity recognition process using inertial sensors and smartphone sensors},
  author={Khandnor, Padmavati and Kumar, Neelesh and others},
  booktitle={2017 International Conference on Computing, Communication and Automation (ICCCA)},
  pages={607--612},
  year={2017},
  organization={IEEE}
}

% non-visual 1
@inproceedings{al2018hierarchical,
  title={Hierarchical Model for Zero-shot Activity Recognition using Wearable Sensors.},
  author={Al-Naser, Mohammad and Ohashi, Hiroki and Ahmed, Sheraz and Nakamura, Katsuyuki and Akiyama, Takayuki and Sato, Takuto and Nguyen, Phong Xuan and Dengel, Andreas},
  booktitle={ICAART (2)},
  pages={478--485},
  year={2018}
}
@article{zhao2018deep,
  title={Deep residual bidir-LSTM for human activity recognition using wearable sensors},
  author={Zhao, Yu and Yang, Rennong and Chevalier, Guillaume and Xu, Ximeng and Zhang, Zhenxing},
  journal={Mathematical Problems in Engineering},
  volume={2018},
  pages={1--13},
  year={2018},
  publisher={Hindawi Limited}
}

@article{gao2021danhar,
  title={DanHAR: Dual attention network for multimodal human activity recognition using wearable sensors},
  author={Gao, Wenbin and Zhang, Lei and Teng, Qi and He, Jun and Wu, Hao},
  journal={Applied Soft Computing},
  volume={111},
  pages={107728},
  year={2021},
  publisher={Elsevier}
}

% multimodal pros 1
@article{dang2020sensor,
  title={Sensor-based and vision-based human activity recognition: A comprehensive survey},
  author={Dang, L Minh and Min, Kyungbok and Wang, Hanxiang and Piran, Md Jalil and Lee, Cheol Hee and Moon, Hyeonjoon},
  journal={Pattern Recognition},
  volume={108},
  pages={107561},
  year={2020},
  publisher={Elsevier}
}

% multimodal pros 2
@inproceedings{ravi2016deep,
  title={Deep learning for human activity recognition: A resource efficient implementation on low-power devices},
  author={Ravi, Daniele and Wong, Charence and Lo, Benny and Yang, Guang-Zhong},
  booktitle={2016 IEEE 13th international conference on wearable and implantable body sensor networks (BSN)},
  pages={71--76},
  year={2016},
  organization={IEEE}
}

% multimodal pros 3 
@article{gao2020survey,
  title={A survey on deep learning for multimodal data fusion},
  author={Gao, Jing and Li, Peng and Chen, Zhikui and Zhang, Jianing},
  journal={Neural Computation},
  volume={32},
  number={5},
  pages={829--864},
  year={2020},
  publisher={MIT Press One Rogers Street, Cambridge, MA 02142-1209, USA journals-info~…}
}

% multimodal pros 4
@article{atrey2010multimodal,
  title={Multimodal fusion for multimedia analysis: a survey},
  author={Atrey, Pradeep K and Hossain, M Anwar and El Saddik, Abdulmotaleb and Kankanhalli, Mohan S},
  journal={Multimedia systems},
  volume={16},
  pages={345--379},
  year={2010},
  publisher={Springer}
}

% Environmental Sensor
@article{cippitelli2017human,
  title={Human action recognition with rgb-d sensors},
  author={Cippitelli, Enea and Gambi, Ennio and Spinsante, Susanna},
  journal={Motion Tracking and Gesture Recognition},
  volume={97},
  year={2017},
  publisher={IntechOpen}
}

% multimodal sensor
@article{yadav2021review,
  title={A review of multimodal human activity recognition with special emphasis on classification, applications, challenges and future directions},
  author={Yadav, Santosh Kumar and Tiwari, Kamlesh and Pandey, Hari Mohan and Akbar, Shaik Ali},
  journal={Knowledge-Based Systems},
  volume={223},
  pages={106970},
  year={2021},
  publisher={Elsevier}
}

% categories
@article{majumder2020vision,
  title={Vision and inertial sensing fusion for human action recognition: A review},
  author={Majumder, Sharmin and Kehtarnavaz, Nasser},
  journal={IEEE Sensors Journal},
  volume={21},
  number={3},
  pages={2454--2467},
  year={2020},
  publisher={IEEE}
}

%attention
@article{bahdanau2014neural,
  title={Neural machine translation by jointly learning to align and translate},
  author={Bahdanau, Dzmitry and Cho, Kyunghyun and Bengio, Yoshua},
  journal={arXiv preprint arXiv:1409.0473},
  year={2014}
}

% CRC1
@inproceedings{chen2016fusion,
  title={Fusion of depth, skeleton, and inertial data for human action recognition},
  author={Chen, Chen and Jafari, Roozbeh and Kehtarnavaz, Nasser},
  booktitle={2016 IEEE international conference on acoustics, speech and signal processing (ICASSP)},
  pages={2712--2716},
  year={2016},
  organization={IEEE}
}

% k-NN
@inproceedings{kepski2016fall,
  title={Fall detection using body-worn accelerometer and depth maps acquired by active camera},
  author={Kepski, Michal and Kwolek, Bogdan},
  booktitle={Hybrid Artificial Intelligent Systems: 11th International Conference, HAIS 2016, Seville, Spain, April 18-20, 2016, Proceedings 11},
  pages={414--426},
  year={2016},
  organization={Springer}
}

@inproceedings{kepski2014detecting,
  title={Detecting human falls with 3-axis accelerometer and depth sensor},
  author={{Kepski}, Michal and Kwolek, Bogdan},
  booktitle={2014 36th Annual International Conference of the IEEE Engineering in Medicine and Biology Society},
  pages={770--773},
  year={2014},
  organization={IEEE}
}

% decision + feature
@article{diete2019fusing,
  title={Fusing object information and inertial data for activity recognition},
  author={Diete, Alexander and Stuckenschmidt, Heiner},
  journal={Sensors},
  volume={19},
  number={19},
  pages={4119},
  year={2019},
  publisher={MDPI}
}

% multi-stream
@inproceedings{dawar2018convolutional,
  title={A convolutional neural network-based sensor fusion system for monitoring transition movements in healthcare applications},
  author={Dawar, Neha and Kehtarnavaz, Nasser},
  booktitle={2018 IEEE 14th International Conference on Control and Automation (ICCA)},
  pages={482--485},
  year={2018},
  organization={IEEE}
}

@article{dawar2018action,
  title={Action detection and recognition in continuous action streams by deep learning-based sensing fusion},
  author={{Dawar}, {Neha} and Kehtarnavaz, Nasser},
  journal={IEEE Sensors Journal},
  volume={18},
  number={23},
  pages={9660--9668},
  year={2018},
  publisher={IEEE}
}

% CNN+ RNN
@article{ordonez2016deep,
  title={Deep convolutional and lstm recurrent neural networks for multimodal wearable activity recognition},
  author={Ord{\'o}{\~n}ez, Francisco Javier and Roggen, Daniel},
  journal={Sensors},
  volume={16},
  number={1},
  pages={115},
  year={2016},
  publisher={Multidisciplinary Digital Publishing Institute}
}

% skoda
@inproceedings{zappi2008activity,
  title={Activity recognition from on-body sensors: accuracy-power trade-off by dynamic sensor selection},
  author={Zappi, Piero and Lombriser, Clemens and Stiefmeier, Thomas and Farella, Elisabetta and Roggen, Daniel and Benini, Luca and Tr{\"o}ster, Gerhard},
  booktitle={Wireless Sensor Networks: 5th European Conference, EWSN 2008, Bologna, Italy, January 30-February 1, 2008. Proceedings},
  pages={17--33},
  year={2008},
  organization={Springer}
}
% opportunity
@inproceedings{roggen2010collecting,
  title={Collecting complex activity datasets in highly rich networked sensor environments},
  author={Roggen, Daniel and Calatroni, Alberto and Rossi, Mirco and Holleczek, Thomas and F{\"o}rster, Kilian and Tr{\"o}ster, Gerhard and Lukowicz, Paul and Bannach, David and Pirkl, Gerald and Ferscha, Alois and others},
  booktitle={2010 Seventh international conference on networked sensing systems (INSS)},
  pages={233--240},
  year={2010},
  organization={IEEE}
}

% multimodal fusion methods
@article{moencks2019adaptive,
  title={Adaptive feature processing for robust human activity recognition on a novel multi-modal dataset},
  author={Moencks, Mirco and De Silva, Varuna and Roche, Jamie and Kondoz, Ahmet},
  journal={arXiv preprint arXiv:1901.02858},
  year={2019}
}
@article{shahroudy2017deep,
  title={Deep multimodal feature analysis for action recognition in rgb+ d videos},
  author={Shahroudy, Amir and Ng, Tian-Tsong and Gong, Yihong and Wang, Gang},
  journal={IEEE transactions on pattern analysis and machine intelligence},
  volume={40},
  number={5},
  pages={1045--1058},
  year={2017},
  publisher={IEEE}
}
@inproceedings{soo2017interpretable,
  title={Interpretable 3d human action analysis with temporal convolutional networks},
  author={Soo Kim, Tae and Reiter, Austin},
  booktitle={Proceedings of the IEEE conference on computer vision and pattern recognition workshops},
  pages={20--28},
  year={2017}
}

@inproceedings{islam2020hamlet,
  title={Hamlet: A hierarchical multimodal attention-based human activity recognition algorithm},
  author={Islam, Md Mofijul and Iqbal, Tariq},
  booktitle={2020 IEEE/RSJ International Conference on Intelligent Robots and Systems (IROS)},
  pages={10285--10292},
  year={2020},
  organization={IEEE}
}


% MuMu
    % author={Islam, Md Mofijul and Iqbal, Tariq},
@inproceedings{islam2022mumu,
  title={Mumu: Cooperative multitask learning-based guided multimodal fusion},
  author={Md Moﬁjul Islam and Tariq Iqba},
  booktitle={Proceedings of the AAAI Conference on Artificial Intelligence},
  volume={36},
  number={1},
  pages={1043--1051},
  year={2022}
}


%% Multimodal dataset
% dataset - UTD-MHAD
@inproceedings{chen2015utd,
  title={UTD-MHAD: A multimodal dataset for human action recognition utilizing a depth camera and a wearable inertial sensor},
  author={Chen, Chen and Jafari, Roozbeh and Kehtarnavaz, Nasser},
  booktitle={2015 IEEE International conference on image processing (ICIP)},
  pages={168--172},
  year={2015},
  organization={IEEE}
}

% NTU RGB+D
@inproceedings{shahroudy2016ntu,
  title={Ntu rgb+ d: A large scale dataset for 3d human activity analysis},
  author={Shahroudy, Amir and Liu, Jun and Ng, Tian-Tsong and Wang, Gang},
  booktitle={Proceedings of the IEEE conference on computer vision and pattern recognition},
  pages={1010--1019},
  year={2016}
}

% Vivit
@inproceedings{arnab2021vivit,
  title={Vivit: A video vision transformer},
  author={Arnab, Anurag and Dehghani, Mostafa and Heigold, Georg and Sun, Chen and Lu{\v{c}}i{\'c}, Mario and Schmid, Cordelia},
  booktitle={Proceedings of the IEEE/CVF international conference on computer vision},
  pages={6836--6846},
  year={2021}
}
% factorized attention
@article{shen2018factorized,
  title={Factorized attention: Self-attention with linear complexities},
  author={Shen, Zhuoran and Zhang, Mingyuan and Yi, Shuai and Yan, Junjie and Zhao, Haiyu},
  journal={CoRR, abs/1812.01243},
  year={2018}
}


% ######################## 2. Related Works ######################################
% 1. multimodal fusion for HAR
@article{dawar2018data,
  title={Data augmentation in deep learning-based fusion of depth and inertial sensing for action recognition},
  author={Dawar, Neha and Ostadabbas, Sarah and Kehtarnavaz, Nasser},
  journal={IEEE Sensors Letters},
  volume={3},
  number={1},
  pages={1--4},
  year={2018},
  publisher={IEEE}
}

@article{imran2020evaluating,
  title={Evaluating fusion of RGB-D and inertial sensors for multimodal human action recognition},
  author={Imran, Javed and Raman, Balasubramanian},
  journal={Journal of Ambient Intelligence and Humanized Computing},
  volume={11},
  number={1},
  pages={189--208},
  year={2020},
  publisher={Springer}
}

@inproceedings{zou2019wifi,
  title={WiFi and Vision Multimodal Learning for Accurate and Robust Device-Free Human Activity Recognition},
  author={Zou, Han and Yang, Jianfei and Das, Hari Prasanna and Liu, Huihan and Zhou, Yuxun and Spanos, Costas J},
  booktitle={2019 IEEE/CVF Conference on Computer Vision and Pattern Recognition Workshops (CVPRW)},
  pages={426--433},
  year={2019},
  organization={IEEE}
}
@inproceedings{long2018multimodal,
  title={Multimodal keyless attention fusion for video classification},
  author={Long, Xiang and Gan, Chuang and Melo, Gerard and Liu, Xiao and Li, Yandong and Li, Fu and Wen, Shilei},
  booktitle={Proceedings of the AAAI Conference on Artificial Intelligence},
  volume={32},
  number={1},
  year={2018}
}



%% Visual Based Method

% R(2+1)D CNN
@inproceedings{tran2018closer,
  title={A closer look at spatiotemporal convolutions for action recognition},
  author={Tran, Du and Wang, Heng and Torresani, Lorenzo and Ray, Jamie and LeCun, Yann and Paluri, Manohar},
  booktitle={Proceedings of the IEEE conference on Computer Vision and Pattern Recognition},
  pages={6450--6459},
  year={2018}
}

% Healthcare
@inproceedings{liu2022overview,
  title={An overview of human activity recognition using wearable sensors: Healthcare and artificial intelligence},
  author={Liu, Rex and Ramli, Albara Ah and Zhang, Huanle and Henricson, Erik and Liu, Xin},
  booktitle={Internet of Things--ICIOT 2021: 6th International Conference, Held as Part of the Services Conference Federation, SCF 2021, Virtual Event, December 10--14, 2021, Proceedings},
  pages={1--14},
  year={2022},
  organization={Springer}
}

% Fitness
@inproceedings{pathan2019machine,
  title={A machine learning based human activity recognition during physical exercise using wavelet packet transform of ppg and inertial sensors data},
  author={Pathan, Naqib Sad and Talukdar, Md Toky Foysal and Quamruzzaman, Muhammad and Fattah, Shaikh Anowarul},
  booktitle={2019 4th International Conference on Electrical Information and Communication Technology (EICT)},
  pages={1--5},
  year={2019},
  organization={IEEE}
}

% Gesture based
@inproceedings{saini2020human,
  title={Human activity and gesture recognition: A review},
  author={Saini, Rashmi and Maan, Vinod},
  booktitle={2020 International Conference on Emerging Trends in Communication, Control and Computing (ICONC3)},
  pages={1--2},
  year={2020},
  organization={IEEE}
}

%context-awareness
@inproceedings{fan2022context,
  title={Context-Aware Human Activity Recognition (CA-HAR) Using Smartphone Built-In Sensors},
  author={Fan, Liufeng and Delir Haghighi, Pari and Zhang, Yuxin and Forkan, Abdur Rahim Mohammad and Jayaraman, Prem Prakash},
  booktitle={Advances in Mobile Computing and Multimedia Intelligence: 20th International Conference, MoMM 2022, Virtual Event, November 28--30, 2022, Proceedings},
  pages={108--121},
  year={2022},
  organization={Springer}
}

%% non-visual based method
@article{zhu2011motion,
  title={Motion-and location-based online human daily activity recognition},
  author={Zhu, Chun and Sheng, Weihua},
  journal={Pervasive and Mobile Computing},
  volume={7},
  number={2},
  pages={256--269},
  year={2011},
  publisher={Elsevier}
}
@inproceedings{zhang2010activity,
  title={Activity monitoring using a smart phone's accelerometer with hierarchical classification},
  author={Zhang, Shumei and McCullagh, Paul and Nugent, Chris and Zheng, Huiru},
  booktitle={2010 sixth international conference on intelligent environments},
  pages={158--163},
  year={2010},
  organization={IEEE}
}
@inproceedings{weng2014low,
  title={A low power and high accuracy MEMS sensor based activity recognition algorithm},
  author={Weng, Shaolin and Xiang, Luping and Tang, Weiwei and Yang, Hui and Zheng, Lingxiang and Lu, Hai and Zheng, Huiru},
  booktitle={2014 IEEE International Conference on Bioinformatics and Biomedicine (BIBM)},
  pages={33--38},
  year={2014},
  organization={IEEE}
}
@inproceedings{mannini2011line,
  title={On-line classification of human activity and estimation of walk-run speed from acceleration data using support vector machines},
  author={Mannini, Andrea and Sabatini, Angelo Maria},
  booktitle={2011 Annual International Conference of the IEEE Engineering in Medicine and Biology Society},
  pages={3302--3305},
  year={2011},
  organization={IEEE}
  }



%% 2. Contrastive Learning %%
@article{bromley1993signature,
  title={Signature verification using a" siamese" time delay neural network},
  author={Bromley, Jane and Guyon, Isabelle and LeCun, Yann and S{\"a}ckinger, Eduard and Shah, Roopak},
  journal={Advances in neural information processing systems},
  volume={6},
  year={1993}
}

@inproceedings{chopra2005learning,
  title={Learning a similarity metric discriminatively, with application to face verification},
  author={Chopra, Sumit and Hadsell, Raia and LeCun, Yann},
  booktitle={2005 IEEE Computer Society Conference on Computer Vision and Pattern Recognition (CVPR'05)},
  volume={1},
  pages={539--546},
  year={2005},
  organization={IEEE}
}

@inproceedings{hadsell2006dimensionality,
  title={Dimensionality reduction by learning an invariant mapping},
  author={Hadsell, Raia and Chopra, Sumit and LeCun, Yann},
  booktitle={2006 IEEE Computer Society Conference on Computer Vision and Pattern Recognition (CVPR'06)},
  volume={2},
  pages={1735--1742},
  year={2006},
  organization={IEEE}
}

@article{weinberger2009distance,
  title={Distance metric learning for large margin nearest neighbor classification.},
  author={Weinberger, Kilian Q and Saul, Lawrence K},
  journal={Journal of machine learning research},
  volume={10},
  number={2},
  year={2009}
}

@article{chechik2010large,
  title={Large scale online learning of image similarity through ranking.},
  author={Chechik, Gal and Sharma, Varun and Shalit, Uri and Bengio, Samy},
  journal={Journal of Machine Learning Research},
  volume={11},
  number={3},
  year={2010}
}

@inproceedings{collobert2008unified,
  title={A unified architecture for natural language processing: Deep neural networks with multitask learning},
  author={Collobert, Ronan and Weston, Jason},
  booktitle={Proceedings of the 25th international conference on Machine learning},
  pages={160--167},
  year={2008}
}

@inproceedings{gutmann2010noise,
  title={Noise-contrastive estimation: A new estimation principle for unnormalized statistical models},
  author={Gutmann, Michael and Hyv{\"a}rinen, Aapo},
  booktitle={Proceedings of the thirteenth international conference on artificial intelligence and statistics},
  pages={297--304},
  year={2010},
  organization={JMLR Workshop and Conference Proceedings}
}

@article{becker1992self,
  title={Self-organizing neural network that discovers surfaces in random-dot stereograms},
  author={Becker, Suzanna and Hinton, Geoffrey E},
  journal={Nature},
  volume={355},
  number={6356},
  pages={161--163},
  year={1992},
  publisher={Nature Publishing Group UK London}
}

@article{oord2018representation,
  title={Representation learning with contrastive predictive coding},
  author={Oord, Aaron van den and Li, Yazhe and Vinyals, Oriol},
  journal={arXiv preprint arXiv:1807.03748},
  year={2018}
}

@article{hjelm2018learning,
  title={Learning deep representations by mutual information estimation and maximization},
  author={Hjelm, R Devon and Fedorov, Alex and Lavoie-Marchildon, Samuel and Grewal, Karan and Bachman, Phil and Trischler, Adam and Bengio, Yoshua},
  journal={arXiv preprint arXiv:1808.06670},
  year={2018}
}

@inproceedings{he2020momentum,
  title={Momentum contrast for unsupervised visual representation learning},
  author={He, Kaiming and Fan, Haoqi and Wu, Yuxin and Xie, Saining and Girshick, Ross},
  booktitle={Proceedings of the IEEE/CVF conference on computer vision and pattern recognition},
  pages={9729--9738},
  year={2020}
}

@inproceedings{chen2020simple,
  title={A simple framework for contrastive learning of visual representations},
  author={Chen, Ting and Kornblith, Simon and Norouzi, Mohammad and Hinton, Geoffrey},
  booktitle={International conference on machine learning},
  pages={1597--1607},
  year={2020},
  organization={PMLR}
}

@article{li2020prototypical,
  title={Prototypical contrastive learning of unsupervised representations},
  author={Li, Junnan and Zhou, Pan and Xiong, Caiming and Hoi, Steven CH},
  journal={arXiv preprint arXiv:2005.04966},
  year={2020}
}

@article{grill2020bootstrap,
  title={Bootstrap your own latent-a new approach to self-supervised learning},
  author={Grill, Jean-Bastien and Strub, Florian and Altch{\'e}, Florent and Tallec, Corentin and Richemond, Pierre and Buchatskaya, Elena and Doersch, Carl and Avila Pires, Bernardo and Guo, Zhaohan and Gheshlaghi Azar, Mohammad and others},
  journal={Advances in neural information processing systems},
  volume={33},
  pages={21271--21284},
  year={2020}
}

% TRN
@inproceedings{zhou2018temporal,
  title={Temporal relational reasoning in videos},
  author={Zhou, Bolei and Andonian, Alex and Oliva, Aude and Torralba, Antonio},
  booktitle={Proceedings of the European conference on computer vision (ECCV)},
  pages={803--818},
  year={2018}
}

% Constrastive learning augment
@article{wang2022contrastive,
  title={Contrastive learning with stronger augmentations},
  author={Wang, Xiao and Qi, Guo-Jun},
  journal={IEEE transactions on pattern analysis and machine intelligence},
  volume={45},
  number={5},
  pages={5549--5560},
  year={2022},
  publisher={IEEE}
}

% Moco V2
@article{chen2020improved,
  title={Improved baselines with momentum contrastive learning},
  author={Chen, Xinlei and Fan, Haoqi and Girshick, Ross and He, Kaiming},
  journal={arXiv preprint arXiv:2003.04297},
  year={2020}
}

% SimCLR V2
@article{chen2020big,
  title={Big self-supervised models are strong semi-supervised learners},
  author={Chen, Ting and Kornblith, Simon and Swersky, Kevin and Norouzi, Mohammad and Hinton, Geoffrey E},
  journal={Advances in neural information processing systems},
  volume={33},
  pages={22243--22255},
  year={2020}
}

% SupCon
@article{khosla2020supervised,
  title={Supervised contrastive learning},
  author={Khosla, Prannay and Teterwak, Piotr and Wang, Chen and Sarna, Aaron and Tian, Yonglong and Isola, Phillip and Maschinot, Aaron and Liu, Ce and Krishnan, Dilip},
  journal={Advances in neural information processing systems},
  volume={33},
  pages={18661--18673},
  year={2020}
}


%%%%%%% 3. Unified Transformer 
% Bert
@inproceedings{kenton2019bert,
  title={BERT: Pre-training of Deep Bidirectional Transformers for Language Understanding},
  author={Kenton, Jacob Devlin Ming-Wei Chang and Toutanova, Lee Kristina},
  booktitle={Proceedings of NAACL-HLT},
  pages={4171--4186},
  year={2019}
}
% GPT
@article{brown2020language,
  title={Language models are few-shot learners},
  author={Brown, Tom and Mann, Benjamin and Ryder, Nick and Subbiah, Melanie and Kaplan, Jared D and Dhariwal, Prafulla and Neelakantan, Arvind and Shyam, Pranav and Sastry, Girish and Askell, Amanda and others},
  journal={Advances in neural information processing systems},
  volume={33},
  pages={1877--1901},
  year={2020}
}
%ViT
@article{dosovitskiy2020image,
  title={An image is worth 16x16 words: Transformers for image recognition at scale},
  author={Dosovitskiy, Alexey and Beyer, Lucas and Kolesnikov, Alexander and Weissenborn, Dirk and Zhai, Xiaohua and Unterthiner, Thomas and Dehghani, Mostafa and Minderer, Matthias and Heigold, Georg and Gelly, Sylvain and others},
  journal={arXiv preprint arXiv:2010.11929},
  year={2020}
}

% UiT
@inproceedings{hu2021unit,
  title={Unit: Multimodal multitask learning with a unified transformer},
  author={Hu, Ronghang and Singh, Amanpreet},
  booktitle={Proceedings of the IEEE/CVF International Conference on Computer Vision},
  pages={1439--1449},
  year={2021}
}

% Uniformer
@inproceedings{li2021uniformer,
  title={UniFormer: Unified Transformer for Efficient Spatial-Temporal Representation Learning},
  author={Li, Kunchang and Wang, Yali and Peng, Gao and Song, Guanglu and Liu, Yu and Li, Hongsheng and Qiao, Yu},
  booktitle={International Conference on Learning Representations},
  year={2021}
}

% UTT
@inproceedings{ma2022unified,
  title={Unified transformer tracker for object tracking},
  author={Ma, Fan and Shou, Mike Zheng and Zhu, Linchao and Fan, Haoqi and Xu, Yilei and Yang, Yi and Yan, Zhicheng},
  booktitle={Proceedings of the IEEE/CVF Conference on Computer Vision and Pattern Recognition},
  pages={8781--8790},
  year={2022}
}


% UFO
@article{wang2021ufo,
  title={Ufo: A unified transformer for vision-language representation learning},
  author={Wang, Jianfeng and Hu, Xiaowei and Gan, Zhe and Yang, Zhengyuan and Dai, Xiyang and Liu, Zicheng and Lu, Yumao and Wang, Lijuan},
  journal={arXiv preprint arXiv:2111.10023},
  year={2021}
}

% UniTranSeR
@inproceedings{ma2022unitranser,
  title={UniTranSeR: A unified transformer semantic representation framework for multimodal task-oriented dialog system},
  author={Ma, Zhiyuan and Li, Jianjun and Li, Guohui and Cheng, Yongjing},
  booktitle={Proceedings of the 60th Annual Meeting of the Association for Computational Linguistics (Volume 1: Long Papers)},
  pages={103--114},
  year={2022}
}

% Meta-Transformer
@article{zhang2023meta,
  title={Meta-transformer: A unified framework for multimodal learning},
  author={Zhang, Yiyuan and Gong, Kaixiong and Zhang, Kaipeng and Li, Hongsheng and Qiao, Yu and Ouyang, Wanli and Yue, Xiangyu},
  journal={arXiv preprint arXiv:2307.10802},
  year={2023}
}

%%%%%%%%%%%%%%%%% 3. Method %%%%%%%%%%%%%%%%%%%%%%%%%%%%%%%%%%%
% Transformer
@article{vaswani2017attention,
  title={Attention is all you need},
  author={Vaswani, Ashish and Shazeer, Noam and Parmar, Niki and Uszkoreit, Jakob and Jones, Llion and Gomez, Aidan N and Kaiser, {\L}ukasz and Polosukhin, Illia},
  journal={Advances in neural information processing systems},
  volume={30},
  year={2017}
}
% layer norm
@article{ba2016layer,
  title={Layer normalization},
  author={Ba, Jimmy Lei and Kiros, Jamie Ryan and Hinton, Geoffrey E},
  journal={arXiv preprint arXiv:1607.06450},
  year={2016}
}

% Cosine Similarity
@inproceedings{rahutomo2012semantic,
  title={Semantic cosine similarity},
  author={Rahutomo, Faisal and Kitasuka, Teruaki and Aritsugi, Masayoshi},
  booktitle={The 7th international student conference on advanced science and technology ICAST},
  volume={4},
  number={1},
  pages={1},
  year={2012}
}
%ResNet
@inproceedings{he2016deep,
  title={Deep residual learning for image recognition},
  author={He, Kaiming and Zhang, Xiangyu and Ren, Shaoqing and Sun, Jian},
  booktitle={Proceedings of the IEEE conference on computer vision and pattern recognition},
  pages={770--778},
  year={2016}
}
% STGCN
@inproceedings{yu2018spatio,
  title={Spatio-temporal graph convolutional networks: a deep learning framework for traffic forecasting},
  author={Yu, Bing and Yin, Haoteng and Zhu, Zhanxing},
  booktitle={Proceedings of the 27th International Joint Conference on Artificial Intelligence},
  pages={3634--3640},
  year={2018}
}


% Deep Convlstm
@article{singh2020deep,
  title={Deep ConvLSTM with self-attention for human activity decoding using wearable sensors},
  author={Singh, Satya P and Sharma, Madan Kumar and Lay-Ekuakille, Aim{\'e} and Gangwar, Deepak and Gupta, Sukrit},
  journal={IEEE Sensors Journal},
  volume={21},
  number={6},
  pages={8575--8582},
  year={2020},
  publisher={IEEE}
}

% Croos-entropy loss
@article{zhang2018generalized,
  title={Generalized cross entropy loss for training deep neural networks with noisy labels},
  author={Zhang, Zhilu and Sabuncu, Mert},
  journal={Advances in neural information processing systems},
  volume={31},
  year={2018}
}

%%%%%%%%%%%%%%%%%%%%%%%%%%%%%% proposed HAR %%%%%%%%%%%%%%%%%%%%%%%%%%%%%%%%%%%
% Backbone Network
@article{elharrouss2022backbones,
  title={Backbones-review: Feature extraction networks for deep learning and deep reinforcement learning approaches},
  author={Elharrouss, Omar and Akbari, Younes and Almaadeed, Noor and Al-Maadeed, Somaya},
  journal={arXiv preprint arXiv:2206.08016},
  year={2022}
}

%%%%%%%%%%%%%%%%%%%%%%%%%%%%%%%%%%%% 4. Experiments %%%%%%%%%%%%%%%%%%%%%%
% DCNN
@inproceedings{imran2016human,
  title={Human action recognition using RGB-D sensor and deep convolutional neural networks},
  author={Imran, Javed and Kumar, Praveen},
  booktitle={2016 international conference on advances in computing, communications and informatics (ICACCI)},
  pages={144--148},
  year={2016},
  organization={IEEE}
}

%MCRL
@article{liu2018rgb,
  title={RGB-D action recognition using multimodal correlative representation learning model},
  author={Liu, Tianshan and Kong, Jun and Jiang, Min},
  journal={IEEE Sensors Journal},
  volume={19},
  number={5},
  pages={1862--1872},
  year={2018},
  publisher={IEEE}
}

% Gimme Signal
@inproceedings{memmesheimer2020gimme,
  title={Gimme signals: Discriminative signal encoding for multimodal activity recognition},
  author={Memmesheimer, Raphael and Theisen, Nick and Paulus, Dietrich},
  booktitle={2020 IEEE/RSJ International Conference on Intelligent Robots and Systems (IROS)},
  pages={10394--10401},
  year={2020},
  organization={IEEE}
}

% HDM
@inproceedings{zhao2019bayesian,
  title={Bayesian hierarchical dynamic model for human action recognition},
  author={Zhao, Rui and Xu, Wanru and Su, Hui and Ji, Qiang},
  booktitle={Proceedings of the IEEE/CVF Conference on Computer Vision and Pattern Recognition},
  pages={7733--7742},
  year={2019}
}
% PoseMap
@inproceedings{liu2018recognizing,
  title={Recognizing human actions as the evolution of pose estimation maps},
  author={Liu, Mengyuan and Yuan, Junsong},
  booktitle={Proceedings of the IEEE Conference on Computer Vision and Pattern Recognition},
  pages={1159--1168},
  year={2018}
}
% Multi-GCN
@article{islam2021multi,
  title={Multi-gat: A graphical attention-based hierarchical multimodal representation learning approach for human activity recognition},
  author={Islam, Md Mofijul and Iqbal, Tariq},
  journal={IEEE Robotics and Automation Letters},
  volume={6},
  number={2},
  pages={1729--1736},
  year={2021},
  publisher={IEEE}
}
%Fusion-gcn
@inproceedings{duhme2022fusion,
  title={Fusion-gcn: Multimodal action recognition using graph convolutional networks},
  author={Duhme, Michael and Memmesheimer, Raphael and Paulus, Dietrich},
  booktitle={Pattern Recognition: 43rd DAGM German Conference, DAGM GCPR 2021, Bonn, Germany, September 28--October 1, 2021, Proceedings},
  pages={265--281},
  year={2022},
  organization={Springer}
}
% UCF-101
@article{soomro2012ucf101,
  title={UCF101: A dataset of 101 human actions classes from videos in the wild},
  author={Soomro, Khurram and Zamir, Amir Roshan and Shah, Mubarak},
  journal={arXiv preprint arXiv:1212.0402},
  year={2012}
}
% SGD with momentum
@article{ruder2016overview,
  title={An overview of gradient descent optimization algorithms},
  author={Ruder, Sebastian},
  journal={arXiv preprint arXiv:1609.04747},
  year={2016}
}
% TSM
@inproceedings{lin2019tsm,
  title={Tsm: Temporal shift module for efficient video understanding},
  author={Lin, Ji and Gan, Chuang and Han, Song},
  booktitle={Proceedings of the IEEE/CVF international conference on computer vision},
  pages={7083--7093},
  year={2019}
}

% PoseC3D
@inproceedings{duan2022revisiting,
  title={Revisiting skeleton-based action recognition},
  author={Duan, Haodong and Zhao, Yue and Chen, Kai and Lin, Dahua and Dai, Bo},
  booktitle={Proceedings of the IEEE/CVF Conference on Computer Vision and Pattern Recognition},
  pages={2969--2978},
  year={2022}
}

% Hierarchical Action Calssification
@inproceedings{davoodikakhki2020hierarchical,
  title={Hierarchical action classification with network pruning},
  author={Davoodikakhki, Mahdi and Yin, KangKang},
  booktitle={Advances in Visual Computing: 15th International Symposium, ISVC 2020, San Diego, CA, USA, October 5--7, 2020, Proceedings, Part I 15},
  pages={291--305},
  year={2020},
  organization={Springer}
}

% VPN
@inproceedings{das2020vpn,
  title={Vpn: Learning video-pose embedding for activities of daily living},
  author={Das, Srijan and Sharma, Saurav and Dai, Rui and Bremond, Francois and Thonnat, Monique},
  booktitle={Computer Vision--ECCV 2020: 16th European Conference, Glasgow, UK, August 23--28, 2020, Proceedings, Part IX 16},
  pages={72--90},
  year={2020},
  organization={Springer}
}

% Star-Transformer
@inproceedings{ahn2023star,
  title={STAR-Transformer: A Spatio-temporal Cross Attention Transformer for Human Action Recognition},
  author={Ahn, Dasom and Kim, Sangwon and Hong, Hyunsu and Ko, Byoung Chul},
  booktitle={Proceedings of the IEEE/CVF Winter Conference on Applications of Computer Vision},
  pages={3330--3339},
  year={2023}
}

%TSMF
@inproceedings{bruce2021multimodal,
  title={Multimodal fusion via teacher-student network for indoor action recognition},
  author={Bruce, XB and Liu, Yan and Chan, Keith CC},
  booktitle={Proceedings of the AAAI Conference on Artificial Intelligence},
  volume={35},
  number={4},
  pages={3199--3207},
  year={2021}
}

% FUSION
@article{de2020infrared,
  title={Infrared and 3d skeleton feature fusion for rgb-d action recognition},
  author={De Boissiere, Alban Main and Noumeir, Rita},
  journal={IEEE Access},
  volume={8},
  pages={168297--168308},
  year={2020},
  publisher={IEEE}
}

% InfoGCN
@inproceedings{chi2022infogcn,
  title={Infogcn: Representation learning for human skeleton-based action recognition},
  author={Chi, Hyung-gun and Ha, Myoung Hoon and Chi, Seunggeun and Lee, Sang Wan and Huang, Qixing and Ramani, Karthik},
  booktitle={Proceedings of the IEEE/CVF Conference on Computer Vision and Pattern Recognition},
  pages={20186--20196},
  year={2022}
}

% additional 
% 1
@article{choi2022multi,
  title={Multi-Stage Based Feature Fusion of Multi-Modal Data for Human Activity Recognition},
  author={Choi, Hyeongju and Beedu, Apoorva and Haresamudram, Harish and Essa, Irfan},
  journal={arXiv preprint arXiv:2211.04331},
  year={2022}
}
%
@inproceedings{ni2022cross,
  title={Cross-modal knowledge distillation for Vision-to-Sensor action recognition},
  author={Ni, Jianyuan and Sarbajna, Raunak and Liu, Yang and Ngu, Anne HH and Yan, Yan},
  booktitle={ICASSP 2022-2022 IEEE International Conference on Acoustics, Speech and Signal Processing (ICASSP)},
  pages={4448--4452},
  year={2022},
  organization={IEEE}
}
% Fusion-GCN
@inproceedings{duhme2021fusion,
  title={Fusion-gcn: Multimodal action recognition using graph convolutional networks},
  author={Duhme, Michael and Memmesheimer, Raphael and Paulus, Dietrich},
  booktitle={DAGM German Conference on Pattern Recognition},
  pages={265--281},
  year={2021},
  organization={Springer}
}
% multi-stream
@inproceedings{khezerlou2023multi,
  title={Multi-stream CNNs with Orientation-Magnitude Response Maps and Weighted Inception Module for Human Action Recognition},
  author={Khezerlou, Fatemeh and Baradarani, Aryaz and Balafar, M Ali and Maev, Roman Gr},
  booktitle={2023 3rd International conference on Artificial Intelligence and Signal Processing (AISP)},
  pages={1--5},
  year={2023},
  organization={IEEE}
}

% 3
@inproceedings{hafeez2021multi,
  title={Multi-fusion sensors for action recognition based on discriminative motion cues and random forest},
  author={Hafeez, Sadaf and Jalal, Ahmad and Kamal, Shaharyar},
  booktitle={2021 International Conference on Communication Technologies (ComTech)},
  pages={91--96},
  year={2021},
  organization={IEEE}
}

% TSMMs
@article{chen2020convnets,
  title={ConvNets-based action recognition from skeleton motion maps},
  author={Chen, Yanfang and Wang, Liwei and Li, Chuankun and Hou, Yonghong and Li, Wanqing},
  journal={Multimedia Tools and Applications},
  volume={79},
  pages={1707--1725},
  year={2020},
  publisher={Springer}
}
%LSTM-CNN
@article{zhu2020exploring,
  title={Exploring a rich spatial--temporal dependent relational model for skeleton-based action recognition by bidirectional LSTM-CNN},
  author={Zhu, Aichun and Wu, Qianyu and Cui, Ran and Wang, Tian and Hang, Wenlong and Hua, Gang and Snoussi, Hichem},
  journal={Neurocomputing},
  volume={414},
  pages={90--100},
  year={2020},
  publisher={Elsevier}
}
% Maven
@ARTICLE{islam2022maven,
  author={Islam, Md Mofijul and Yasar, Mohammad SAMIN and Iqbal, Tariq},
  journal={IEEE Transactions on Multimedia}, 
  title={MAVEN: A Memory Augmented Recurrent Approach for Multimodal Fusion}, 
  year={2022},
  volume={},
  number={},
  pages={1-1},
  doi={10.1109/TMM.2022.3164261}}

% SAKDN
@article{liu2021semantics,
  title={Semantics-aware adaptive knowledge distillation for sensor-to-vision action recognition},
  author={Liu, Yang and Wang, Keze and Li, Guanbin and Lin, Liang},
  journal={IEEE Transactions on Image Processing},
  volume={30},
  pages={5573--5588},
  year={2021},
  publisher={IEEE}
}
%CC
@inproceedings{peng2019correlation,
  title={Correlation congruence for knowledge distillation},
  author={Peng, Baoyun and Jin, Xiao and Liu, Jiaheng and Li, Dongsheng and Wu, Yichao and Liu, Yu and Zhou, Shunfeng and Zhang, Zhaoning},
  booktitle={Proceedings of the IEEE/CVF International Conference on Computer Vision},
  pages={5007--5016},
  year={2019}
}

% limitation transformer
@article{nogueira2021investigating,
  title={Investigating the limitations of transformers with simple arithmetic tasks},
  author={Nogueira, Rodrigo and Jiang, Zhiying and Lin, Jimmy},
  journal={arXiv preprint arXiv:2102.13019},
  year={2021}
}